<?xml version='1.0' encoding='utf-8'?>
<record xmlns="http://www.loc.gov/MARC21/slim" xmlns:xsi="http://www.w3.org/2001/XMLSchema-instance">
  <leader>00000nas^a22001572^^4500</leader>
  <controlfield tag="001">005891090</controlfield>
  <controlfield tag="005">20100305154638.0</controlfield>
  <controlfield tag="008">011207c19049999miuwu^n^^^^^^^0^^^a0eng^d</controlfield>
  <datafield tag="035" ind1=" " ind2=" ">
    <subfield code="a">(OCoLC)505478090</subfield>
  </datafield>
  <datafield tag="040" ind1=" " ind2=" ">
    <subfield code="a">MiU-H</subfield>
    <subfield code="c">MiU-H</subfield>
  </datafield>
  <datafield tag="041" ind1="0" ind2=" ">
    <subfield code="a">pol</subfield>
    <subfield code="a">eng</subfield>
  </datafield>
  <datafield tag="043" ind1=" " ind2=" ">
    <subfield code="a">n-us-mi</subfield>
  </datafield>
  <datafield tag="245" ind1="0" ind2="4">
    <subfield code="a">The Polish weekly =</subfield>
    <subfield code="b">Tygodnik Polski.</subfield>
  </datafield>
  <datafield tag="246" ind1="3" ind2="0">
    <subfield code="a">Tygodnik Polski</subfield>
  </datafield>
  <datafield tag="260" ind1=" " ind2=" ">
    <subfield code="a">Hamtramck, MI :</subfield>
    <subfield code="b">Polish Daily News.</subfield>
  </datafield>
  <datafield tag="300" ind1=" " ind2=" ">
    <subfield code="a">v. :</subfield>
    <subfield code="b">ill. ;</subfield>
    <subfield code="c">43 cm.</subfield>
  </datafield>
  <datafield tag="310" ind1=" " ind2=" ">
    <subfield code="a">Weekly</subfield>
  </datafield>
  <datafield tag="362" ind1="0" ind2=" ">
    <subfield code="a">March 1904-</subfield>
  </datafield>
  <datafield tag="546" ind1=" " ind2=" ">
    <subfield code="a">In Polish and English.</subfield>
  </datafield>
  <datafield tag="500" ind1=" " ind2=" ">
    <subfield code="a">Description based on: Vol. 99, no. 39 (Sept. 23, 2004); title from caption.</subfield>
  </datafield>
  <datafield tag="500" ind1=" " ind2=" ">
    <subfield code="a">"Bilingual publication of the Polish Daily News, Inc."</subfield>
  </datafield>
  <datafield tag="650" ind1=" " ind2="0">
    <subfield code="a">Polish Americans</subfield>
    <subfield code="z">Michigan</subfield>
    <subfield code="v">Newspapers.</subfield>
  </datafield>
  <datafield tag="710" ind1="2" ind2=" ">
    <subfield code="a">Polish Daily News.</subfield>
  </datafield>
  <datafield tag="852" ind1="8" ind2=" ">
    <subfield code="a">MiU-H</subfield>
    <subfield code="b">BENT</subfield>
    <subfield code="h">2009181 Aa 2</subfield>
  </datafield>
  <datafield tag="997" ind1=" " ind2=" ">
    <subfield code="a">MARS</subfield>
  </datafield>
  <datafield tag="998" ind1=" " ind2=" ">
    <subfield code="a">OV</subfield>
  </datafield>
  <datafield tag="955" ind1=" " ind2=" ">
    <subfield code="b">BENT</subfield>
    <subfield code="p">5891090-1080</subfield>
    <subfield code="z">no.2/3(2012:Jan.:11/18)</subfield>
  </datafield>
  <datafield tag="955" ind1=" " ind2=" ">
    <subfield code="b">BENT</subfield>
    <subfield code="p">5891090-1090</subfield>
    <subfield code="z">no.4/5(2012:Jan.:25)</subfield>
  </datafield>
  <datafield tag="955" ind1=" " ind2=" ">
    <subfield code="b">BENT</subfield>
    <subfield code="p">5891090-110</subfield>
    <subfield code="z">no.10/11 (2010:Mar. 10/17)</subfield>
  </datafield>
  <datafield tag="955" ind1=" " ind2=" ">
    <subfield code="b">BENT</subfield>
    <subfield code="p">5891090-1100</subfield>
    <subfield code="z">no.6/7(2012:Feb.:08)</subfield>
  </datafield>
  <datafield tag="955" ind1=" " ind2=" ">
    <subfield code="b">BENT</subfield>
    <subfield code="p">5891090-1110</subfield>
    <subfield code="z">no.8/9(2012:Feb.:22)</subfield>
  </datafield>
  <datafield tag="955" ind1=" " ind2=" ">
    <subfield code="b">BENT</subfield>
    <subfield code="p">5891090-1120</subfield>
    <subfield code="z">no.10/11(2012:Mar.:07)</subfield>
  </datafield>
  <datafield tag="955" ind1=" " ind2=" ">
    <subfield code="b">BENT</subfield>
    <subfield code="p">5891090-1130</subfield>
    <subfield code="z">no.12/13(2012:Mar.:21)</subfield>
  </datafield>
  <datafield tag="955" ind1=" " ind2=" ">
    <subfield code="b">BENT</subfield>
    <subfield code="p">5891090-1140</subfield>
    <subfield code="z">no.14/15(2012:April:04)</subfield>
  </datafield>
  <datafield tag="955" ind1=" " ind2=" ">
    <subfield code="b">BENT</subfield>
    <subfield code="p">5891090-1150</subfield>
    <subfield code="z">no.16/17(2012:April:18)</subfield>
  </datafield>
  <datafield tag="955" ind1=" " ind2=" ">
    <subfield code="b">BENT</subfield>
    <subfield code="p">5891090-1160</subfield>
    <subfield code="z">no.18/19(2012:May:02)</subfield>
  </datafield>
  <datafield tag="955" ind1=" " ind2=" ">
    <subfield code="b">BENT</subfield>
    <subfield code="p">5891090-1170</subfield>
    <subfield code="z">no.20/21(2012:May:16)</subfield>
  </datafield>
  <datafield tag="955" ind1=" " ind2=" ">
    <subfield code="b">BENT</subfield>
    <subfield code="p">5891090-1180</subfield>
    <subfield code="z">no.22/23(2012:May:30)</subfield>
  </datafield>
  <datafield tag="955" ind1=" " ind2=" ">
    <subfield code="b">BENT</subfield>
    <subfield code="p">5891090-1190</subfield>
    <subfield code="z">no.24/25(2012:Jun.:13)</subfield>
  </datafield>
  <datafield tag="955" ind1=" " ind2=" ">
    <subfield code="b">BENT</subfield>
    <subfield code="p">5891090-1200</subfield>
    <subfield code="z">no.26/27(2012:Jun.:27)</subfield>
  </datafield>
  <datafield tag="955" ind1=" " ind2=" ">
    <subfield code="b">BENT</subfield>
    <subfield code="p">5891090-1210</subfield>
    <subfield code="z">no.28/29(2012:Jul.:11)</subfield>
  </datafield>
  <datafield tag="955" ind1=" " ind2=" ">
    <subfield code="b">BENT</subfield>
    <subfield code="p">5891090-1220</subfield>
    <subfield code="z">no.30/31(2012:Jul.:25)</subfield>
  </datafield>
  <datafield tag="955" ind1=" " ind2=" ">
    <subfield code="b">BENT</subfield>
    <subfield code="p">5891090-1230</subfield>
    <subfield code="z">no.32/33(2012:Aug.:08)</subfield>
  </datafield>
  <datafield tag="955" ind1=" " ind2=" ">
    <subfield code="b">BENT</subfield>
    <subfield code="p">5891090-1240</subfield>
    <subfield code="z">no.34/35(2012:Aug.:22)</subfield>
  </datafield>
  <datafield tag="955" ind1=" " ind2=" ">
    <subfield code="b">BENT</subfield>
    <subfield code="p">5891090-1250</subfield>
    <subfield code="z">no.36/37(2012:Sep.:05)</subfield>
  </datafield>
  <datafield tag="955" ind1=" " ind2=" ">
    <subfield code="b">BENT</subfield>
    <subfield code="p">5891090-1260</subfield>
    <subfield code="z">no.38/39(2012:Sep.:19)</subfield>
  </datafield>
  <datafield tag="955" ind1=" " ind2=" ">
    <subfield code="b">BENT</subfield>
    <subfield code="p">5891090-1270</subfield>
    <subfield code="z">no.40/41(2012:Oct.:03)</subfield>
  </datafield>
  <datafield tag="955" ind1=" " ind2=" ">
    <subfield code="b">BENT</subfield>
    <subfield code="p">5891090-1280</subfield>
    <subfield code="z">no.42/43(2012:Oct.:17)</subfield>
  </datafield>
  <datafield tag="955" ind1=" " ind2=" ">
    <subfield code="b">BENT</subfield>
    <subfield code="p">5891090-1290</subfield>
    <subfield code="z">no.44/45(2012:Oct.:31)</subfield>
  </datafield>
  <datafield tag="955" ind1=" " ind2=" ">
    <subfield code="b">BENT</subfield>
    <subfield code="p">5891090-130</subfield>
    <subfield code="z">no.12/13(2010:Mar. 24/31)</subfield>
  </datafield>
  <datafield tag="955" ind1=" " ind2=" ">
    <subfield code="b">BENT</subfield>
    <subfield code="p">5891090-1300</subfield>
    <subfield code="z">no.46/47(2012:Nov.:14)</subfield>
  </datafield>
  <datafield tag="955" ind1=" " ind2=" ">
    <subfield code="b">BENT</subfield>
    <subfield code="p">5891090-1310</subfield>
    <subfield code="z">no.48/49(2012:Nov.:28)</subfield>
  </datafield>
  <datafield tag="955" ind1=" " ind2=" ">
    <subfield code="b">BENT</subfield>
    <subfield code="p">5891090-1320</subfield>
    <subfield code="z">no.50/52(2012:Dec.:12)</subfield>
  </datafield>
  <datafield tag="955" ind1=" " ind2=" ">
    <subfield code="b">BENT</subfield>
    <subfield code="p">5891090-1330</subfield>
    <subfield code="z">no.52/53(2012:Dec.:26)</subfield>
  </datafield>
  <datafield tag="955" ind1=" " ind2=" ">
    <subfield code="b">BENT</subfield>
    <subfield code="p">5891090-1350</subfield>
    <subfield code="z">no.1/2(2013:Jan.:2)</subfield>
  </datafield>
  <datafield tag="955" ind1=" " ind2=" ">
    <subfield code="b">BENT</subfield>
    <subfield code="p">5891090-1360</subfield>
    <subfield code="z">no.3/4(2013:Jan.:16)</subfield>
  </datafield>
  <datafield tag="955" ind1=" " ind2=" ">
    <subfield code="b">BENT</subfield>
    <subfield code="p">5891090-1370</subfield>
    <subfield code="z">no.5/6(2013:Jan.:30)</subfield>
  </datafield>
  <datafield tag="955" ind1=" " ind2=" ">
    <subfield code="b">BENT</subfield>
    <subfield code="p">5891090-1380</subfield>
    <subfield code="z">no.7/8(2013:Feb.:13)</subfield>
  </datafield>
  <datafield tag="955" ind1=" " ind2=" ">
    <subfield code="b">BENT</subfield>
    <subfield code="p">5891090-1390</subfield>
    <subfield code="z">no.9/10(2013:Feb.:27)</subfield>
  </datafield>
  <datafield tag="955" ind1=" " ind2=" ">
    <subfield code="b">BENT</subfield>
    <subfield code="p">5891090-1400</subfield>
    <subfield code="z">no.11/12(2013:Mar.:13)</subfield>
  </datafield>
  <datafield tag="955" ind1=" " ind2=" ">
    <subfield code="b">BENT</subfield>
    <subfield code="p">5891090-1410</subfield>
    <subfield code="z">no.13/14(2013:Mar.:27)</subfield>
  </datafield>
  <datafield tag="955" ind1=" " ind2=" ">
    <subfield code="b">BENT</subfield>
    <subfield code="p">5891090-1420</subfield>
    <subfield code="z">no.15/16(2013:April:10)</subfield>
  </datafield>
  <datafield tag="955" ind1=" " ind2=" ">
    <subfield code="b">BENT</subfield>
    <subfield code="p">5891090-1430</subfield>
    <subfield code="z">no.17/18(2013:April:24)</subfield>
  </datafield>
  <datafield tag="955" ind1=" " ind2=" ">
    <subfield code="b">BENT</subfield>
    <subfield code="p">5891090-1440</subfield>
    <subfield code="z">no.19/20(2013:May:08)</subfield>
  </datafield>
  <datafield tag="955" ind1=" " ind2=" ">
    <subfield code="b">BENT</subfield>
    <subfield code="p">5891090-1450</subfield>
    <subfield code="z">no.21/22(2013:May:22)</subfield>
  </datafield>
  <datafield tag="955" ind1=" " ind2=" ">
    <subfield code="b">BENT</subfield>
    <subfield code="p">5891090-1460</subfield>
    <subfield code="z">no.23/24(2013:Jun.:12)</subfield>
  </datafield>
  <datafield tag="955" ind1=" " ind2=" ">
    <subfield code="b">BENT</subfield>
    <subfield code="p">5891090-1470</subfield>
    <subfield code="z">no.25/26(2013:Jun.:26)</subfield>
  </datafield>
  <datafield tag="955" ind1=" " ind2=" ">
    <subfield code="b">BENT</subfield>
    <subfield code="p">5891090-1480</subfield>
    <subfield code="z">no.27/28(2013:Jul.:03)</subfield>
  </datafield>
  <datafield tag="955" ind1=" " ind2=" ">
    <subfield code="b">BENT</subfield>
    <subfield code="p">5891090-1490</subfield>
    <subfield code="z">no.29/30(2013:Jul.:17)</subfield>
  </datafield>
  <datafield tag="955" ind1=" " ind2=" ">
    <subfield code="b">BENT</subfield>
    <subfield code="p">5891090-150</subfield>
    <subfield code="z">no.14/15(2010:April 07/14)</subfield>
  </datafield>
  <datafield tag="955" ind1=" " ind2=" ">
    <subfield code="b">BENT</subfield>
    <subfield code="p">5891090-1510</subfield>
    <subfield code="z">no.33/34(2013:Aug.:14)</subfield>
  </datafield>
  <datafield tag="955" ind1=" " ind2=" ">
    <subfield code="b">BENT</subfield>
    <subfield code="p">5891090-1520</subfield>
    <subfield code="z">no.35/36(2013:Aug.:28)</subfield>
  </datafield>
  <datafield tag="955" ind1=" " ind2=" ">
    <subfield code="b">BENT</subfield>
    <subfield code="p">5891090-1530</subfield>
    <subfield code="z">no.37/38(2013:Sep.:11)</subfield>
  </datafield>
  <datafield tag="955" ind1=" " ind2=" ">
    <subfield code="b">BENT</subfield>
    <subfield code="p">5891090-1540</subfield>
    <subfield code="z">no.39/40(2013:Sep.:25)</subfield>
  </datafield>
  <datafield tag="955" ind1=" " ind2=" ">
    <subfield code="b">BENT</subfield>
    <subfield code="p">5891090-1550</subfield>
    <subfield code="z">no.41/42(2013:Oct.:09)</subfield>
  </datafield>
  <datafield tag="955" ind1=" " ind2=" ">
    <subfield code="b">BENT</subfield>
    <subfield code="p">5891090-1560</subfield>
    <subfield code="z">no.43/44(2013:Oct.:23)</subfield>
  </datafield>
  <datafield tag="955" ind1=" " ind2=" ">
    <subfield code="b">BENT</subfield>
    <subfield code="p">5891090-1570</subfield>
    <subfield code="z">no.45/46(2013:Nov.:06)</subfield>
  </datafield>
  <datafield tag="955" ind1=" " ind2=" ">
    <subfield code="b">BENT</subfield>
    <subfield code="p">5891090-1580</subfield>
    <subfield code="z">no.47/48(2013:Nov.:20)</subfield>
  </datafield>
  <datafield tag="955" ind1=" " ind2=" ">
    <subfield code="b">BENT</subfield>
    <subfield code="p">5891090-1590</subfield>
    <subfield code="z">no.49/50(2013:Dec.:04)</subfield>
  </datafield>
  <datafield tag="955" ind1=" " ind2=" ">
    <subfield code="b">BENT</subfield>
    <subfield code="p">5891090-1600</subfield>
    <subfield code="z">no.51/52(2013:Dec.:18)</subfield>
  </datafield>
  <datafield tag="955" ind1=" " ind2=" ">
    <subfield code="b">BENT</subfield>
    <subfield code="p">5891090-1610</subfield>
    <subfield code="z">no.1/2(2014:Jan.:01)</subfield>
  </datafield>
  <datafield tag="955" ind1=" " ind2=" ">
    <subfield code="b">BENT</subfield>
    <subfield code="p">5891090-1620</subfield>
    <subfield code="z">no.3/4(2014:Jan.:15)</subfield>
  </datafield>
  <datafield tag="955" ind1=" " ind2=" ">
    <subfield code="b">BENT</subfield>
    <subfield code="p">5891090-1630</subfield>
    <subfield code="z">no.5/6(2014:Jan.:29)</subfield>
  </datafield>
  <datafield tag="955" ind1=" " ind2=" ">
    <subfield code="b">BENT</subfield>
    <subfield code="p">5891090-1640</subfield>
    <subfield code="z">no.7/8(2014:Feb.:12)</subfield>
  </datafield>
  <datafield tag="955" ind1=" " ind2=" ">
    <subfield code="b">BENT</subfield>
    <subfield code="p">5891090-1650</subfield>
    <subfield code="z">no.9/10(2014:Feb.:26)</subfield>
  </datafield>
  <datafield tag="955" ind1=" " ind2=" ">
    <subfield code="b">BENT</subfield>
    <subfield code="p">5891090-1660</subfield>
    <subfield code="z">no.11/12(2014:Mar.:12)</subfield>
  </datafield>
  <datafield tag="955" ind1=" " ind2=" ">
    <subfield code="b">BENT</subfield>
    <subfield code="p">5891090-1670</subfield>
    <subfield code="z">no.13/14(2014:Mar.:26)</subfield>
  </datafield>
  <datafield tag="955" ind1=" " ind2=" ">
    <subfield code="b">BENT</subfield>
    <subfield code="p">5891090-1680</subfield>
    <subfield code="z">no.15/16(2014:April:09)</subfield>
  </datafield>
  <datafield tag="955" ind1=" " ind2=" ">
    <subfield code="b">BENT</subfield>
    <subfield code="p">5891090-1690</subfield>
    <subfield code="z">no.17/18(2014:April:30)</subfield>
  </datafield>
  <datafield tag="955" ind1=" " ind2=" ">
    <subfield code="b">BENT</subfield>
    <subfield code="p">5891090-170</subfield>
    <subfield code="z">no.16/17(2010:April 21/28)</subfield>
  </datafield>
  <datafield tag="955" ind1=" " ind2=" ">
    <subfield code="b">BENT</subfield>
    <subfield code="p">5891090-1700</subfield>
    <subfield code="z">no.19/20(2014:May:14)</subfield>
  </datafield>
  <datafield tag="955" ind1=" " ind2=" ">
    <subfield code="b">BENT</subfield>
    <subfield code="p">5891090-1870</subfield>
    <subfield code="z">no.21/22(2014:May:28)</subfield>
  </datafield>
  <datafield tag="955" ind1=" " ind2=" ">
    <subfield code="b">BENT</subfield>
    <subfield code="p">5891090-1880</subfield>
    <subfield code="z">no.23/24(2014:Jun.:11)</subfield>
  </datafield>
  <datafield tag="955" ind1=" " ind2=" ">
    <subfield code="b">BENT</subfield>
    <subfield code="p">5891090-1890</subfield>
    <subfield code="z">no.25/26(2014:Jun.:25)</subfield>
  </datafield>
  <datafield tag="955" ind1=" " ind2=" ">
    <subfield code="b">BENT</subfield>
    <subfield code="p">5891090-190</subfield>
    <subfield code="z">no.18/19(2010:May 05/19)</subfield>
  </datafield>
  <datafield tag="955" ind1=" " ind2=" ">
    <subfield code="b">BENT</subfield>
    <subfield code="p">5891090-1900</subfield>
    <subfield code="z">no.27/28(2014:Jul.:09)</subfield>
  </datafield>
  <datafield tag="955" ind1=" " ind2=" ">
    <subfield code="b">BENT</subfield>
    <subfield code="p">5891090-1910</subfield>
    <subfield code="z">no.29/30(2014:Jul.:23)</subfield>
  </datafield>
  <datafield tag="955" ind1=" " ind2=" ">
    <subfield code="b">BENT</subfield>
    <subfield code="p">5891090-1920</subfield>
    <subfield code="z">no.31/32(2014:Aug.:06)</subfield>
  </datafield>
  <datafield tag="955" ind1=" " ind2=" ">
    <subfield code="b">BENT</subfield>
    <subfield code="p">5891090-1930</subfield>
    <subfield code="z">no.33/34(2014:Aug.:20)</subfield>
  </datafield>
  <datafield tag="955" ind1=" " ind2=" ">
    <subfield code="b">BENT</subfield>
    <subfield code="p">5891090-1940</subfield>
    <subfield code="z">no.35/36(2014:Sep.:03)</subfield>
  </datafield>
  <datafield tag="955" ind1=" " ind2=" ">
    <subfield code="b">BENT</subfield>
    <subfield code="p">5891090-1950</subfield>
    <subfield code="z">no.37/38(2014:Sep.:17)</subfield>
  </datafield>
  <datafield tag="955" ind1=" " ind2=" ">
    <subfield code="b">BENT</subfield>
    <subfield code="p">5891090-1960</subfield>
    <subfield code="z">no.39/40(2014:Oct.:01)</subfield>
  </datafield>
  <datafield tag="955" ind1=" " ind2=" ">
    <subfield code="b">BENT</subfield>
    <subfield code="p">5891090-1970</subfield>
    <subfield code="z">no.41/42(2014:Oct.:15)</subfield>
  </datafield>
  <datafield tag="955" ind1=" " ind2=" ">
    <subfield code="b">BENT</subfield>
    <subfield code="p">5891090-1980</subfield>
    <subfield code="z">no.43/44(2014:Nov.:05)</subfield>
  </datafield>
  <datafield tag="955" ind1=" " ind2=" ">
    <subfield code="b">BENT</subfield>
    <subfield code="p">5891090-1990</subfield>
    <subfield code="z">no.45/46(2014:Nov.:12)</subfield>
  </datafield>
  <datafield tag="955" ind1=" " ind2=" ">
    <subfield code="b">BENT</subfield>
    <subfield code="p">5891090-2000</subfield>
    <subfield code="z">no.47/48(2014:Nov.:26)</subfield>
  </datafield>
  <datafield tag="955" ind1=" " ind2=" ">
    <subfield code="b">BENT</subfield>
    <subfield code="p">5891090-2010</subfield>
    <subfield code="z">no.49/50(2014:Dec.:17)</subfield>
  </datafield>
  <datafield tag="955" ind1=" " ind2=" ">
    <subfield code="b">BENT</subfield>
    <subfield code="p">5891090-2020</subfield>
    <subfield code="z">no.51/52(2014:Dec.:24)</subfield>
  </datafield>
  <datafield tag="955" ind1=" " ind2=" ">
    <subfield code="b">BENT</subfield>
    <subfield code="p">5891090-2030</subfield>
    <subfield code="z">no.1/2(2015:Jan.:07)</subfield>
  </datafield>
  <datafield tag="955" ind1=" " ind2=" ">
    <subfield code="b">BENT</subfield>
    <subfield code="p">5891090-2040</subfield>
    <subfield code="z">no.3/4(2015:Jan.:21)</subfield>
  </datafield>
  <datafield tag="955" ind1=" " ind2=" ">
    <subfield code="b">BENT</subfield>
    <subfield code="p">5891090-2050</subfield>
    <subfield code="z">no.5/6(2015:Feb.:04)</subfield>
  </datafield>
  <datafield tag="955" ind1=" " ind2=" ">
    <subfield code="b">BENT</subfield>
    <subfield code="p">5891090-2060</subfield>
    <subfield code="z">no.7/8(2015:Feb.:18)</subfield>
  </datafield>
  <datafield tag="955" ind1=" " ind2=" ">
    <subfield code="b">BENT</subfield>
    <subfield code="p">5891090-2070</subfield>
    <subfield code="z">no.9/10(2015:Mar.:04)</subfield>
  </datafield>
  <datafield tag="955" ind1=" " ind2=" ">
    <subfield code="b">BENT</subfield>
    <subfield code="p">5891090-2080</subfield>
    <subfield code="z">no.11/12(2015:Mar.:18)</subfield>
  </datafield>
  <datafield tag="955" ind1=" " ind2=" ">
    <subfield code="b">BENT</subfield>
    <subfield code="p">5891090-2090</subfield>
    <subfield code="z">no.13/14(2015:April:01)</subfield>
  </datafield>
  <datafield tag="955" ind1=" " ind2=" ">
    <subfield code="b">BENT</subfield>
    <subfield code="p">5891090-210</subfield>
    <subfield code="z">no.20/21(2010:May 19/26)</subfield>
  </datafield>
  <datafield tag="955" ind1=" " ind2=" ">
    <subfield code="b">BENT</subfield>
    <subfield code="p">5891090-2100</subfield>
    <subfield code="z">no.67/68(2015:April:15)</subfield>
  </datafield>
  <datafield tag="955" ind1=" " ind2=" ">
    <subfield code="b">BENT</subfield>
    <subfield code="p">5891090-2110</subfield>
    <subfield code="z">no.17/18(2015:April:29)</subfield>
  </datafield>
  <datafield tag="955" ind1=" " ind2=" ">
    <subfield code="b">BENT</subfield>
    <subfield code="p">5891090-2120</subfield>
    <subfield code="z">no.19/20(2015:May:13)</subfield>
  </datafield>
  <datafield tag="955" ind1=" " ind2=" ">
    <subfield code="b">BENT</subfield>
    <subfield code="p">5891090-2130</subfield>
    <subfield code="z">no.21/22(2015:May:27)</subfield>
  </datafield>
  <datafield tag="955" ind1=" " ind2=" ">
    <subfield code="b">BENT</subfield>
    <subfield code="p">5891090-2150</subfield>
    <subfield code="z">no.23/24(2015:Jun.:10)</subfield>
  </datafield>
  <datafield tag="955" ind1=" " ind2=" ">
    <subfield code="b">BENT</subfield>
    <subfield code="p">5891090-2160</subfield>
    <subfield code="z">no.25/26(2015:Jun.:24)</subfield>
  </datafield>
  <datafield tag="955" ind1=" " ind2=" ">
    <subfield code="b">BENT</subfield>
    <subfield code="p">5891090-2170</subfield>
    <subfield code="z">no.27/28(2015:Jul.:08)</subfield>
  </datafield>
  <datafield tag="955" ind1=" " ind2=" ">
    <subfield code="b">BENT</subfield>
    <subfield code="p">5891090-2180</subfield>
    <subfield code="z">no.29/30(2015:Jul.:22)</subfield>
  </datafield>
  <datafield tag="955" ind1=" " ind2=" ">
    <subfield code="b">BENT</subfield>
    <subfield code="p">5891090-2190</subfield>
    <subfield code="z">no.31/32(2015:Aug.:05)</subfield>
  </datafield>
  <datafield tag="955" ind1=" " ind2=" ">
    <subfield code="b">BENT</subfield>
    <subfield code="p">5891090-2200</subfield>
    <subfield code="z">no.33/34(2015:Aug.:19)</subfield>
  </datafield>
  <datafield tag="955" ind1=" " ind2=" ">
    <subfield code="b">BENT</subfield>
    <subfield code="p">5891090-2210</subfield>
    <subfield code="z">no.35/36(2015:Sep.:02)</subfield>
  </datafield>
  <datafield tag="955" ind1=" " ind2=" ">
    <subfield code="b">BENT</subfield>
    <subfield code="p">5891090-2220</subfield>
    <subfield code="z">no.37/38(2015:Sep.:16)</subfield>
  </datafield>
  <datafield tag="955" ind1=" " ind2=" ">
    <subfield code="b">BENT</subfield>
    <subfield code="p">5891090-2230</subfield>
    <subfield code="z">no.39/40(2015:Oct.:07)</subfield>
  </datafield>
  <datafield tag="955" ind1=" " ind2=" ">
    <subfield code="b">BENT</subfield>
    <subfield code="p">5891090-2240</subfield>
    <subfield code="z">no.41/42(2015:Oct.:21)</subfield>
  </datafield>
  <datafield tag="955" ind1=" " ind2=" ">
    <subfield code="b">BENT</subfield>
    <subfield code="p">5891090-2250</subfield>
    <subfield code="z">no.43/44(2015:Nov.:04)</subfield>
  </datafield>
  <datafield tag="955" ind1=" " ind2=" ">
    <subfield code="b">BENT</subfield>
    <subfield code="p">5891090-2260</subfield>
    <subfield code="z">no.45/46(2015:Nov.:18)</subfield>
  </datafield>
  <datafield tag="955" ind1=" " ind2=" ">
    <subfield code="b">BENT</subfield>
    <subfield code="p">5891090-2270</subfield>
    <subfield code="z">no.49/50(2015:Dec.:16)</subfield>
  </datafield>
  <datafield tag="955" ind1=" " ind2=" ">
    <subfield code="b">BENT</subfield>
    <subfield code="p">5891090-2280</subfield>
    <subfield code="z">no.45/46(2015:Dec.:09)</subfield>
  </datafield>
  <datafield tag="955" ind1=" " ind2=" ">
    <subfield code="b">BENT</subfield>
    <subfield code="p">5891090-2290</subfield>
    <subfield code="z">no.103/104(2015:Dec.:23)</subfield>
  </datafield>
  <datafield tag="955" ind1=" " ind2=" ">
    <subfield code="b">BENT</subfield>
    <subfield code="p">5891090-230</subfield>
    <subfield code="z">no.20/21(2010:Jun. 02/09)</subfield>
  </datafield>
  <datafield tag="955" ind1=" " ind2=" ">
    <subfield code="b">BENT</subfield>
    <subfield code="p">5891090-2300</subfield>
    <subfield code="z">no.1/2(2016:Jan.:13)</subfield>
  </datafield>
  <datafield tag="955" ind1=" " ind2=" ">
    <subfield code="b">BENT</subfield>
    <subfield code="p">5891090-2310</subfield>
    <subfield code="z">no.3/4(2016:Jan.:27)</subfield>
  </datafield>
  <datafield tag="955" ind1=" " ind2=" ">
    <subfield code="b">BENT</subfield>
    <subfield code="p">5891090-2320</subfield>
    <subfield code="z">no.5/6(2016:Feb.:10)</subfield>
  </datafield>
  <datafield tag="955" ind1=" " ind2=" ">
    <subfield code="b">BENT</subfield>
    <subfield code="p">5891090-2330</subfield>
    <subfield code="z">no.7/8(2016:Feb.:24)</subfield>
  </datafield>
  <datafield tag="955" ind1=" " ind2=" ">
    <subfield code="b">BENT</subfield>
    <subfield code="p">5891090-2340</subfield>
    <subfield code="z">no.9/10(2016:Mar.:02)</subfield>
  </datafield>
  <datafield tag="955" ind1=" " ind2=" ">
    <subfield code="b">BENT</subfield>
    <subfield code="p">5891090-2350</subfield>
    <subfield code="z">no.115/116(2016:Mar.:9)</subfield>
  </datafield>
  <datafield tag="955" ind1=" " ind2=" ">
    <subfield code="b">BENT</subfield>
    <subfield code="p">5891090-2360</subfield>
    <subfield code="z">no.11/12(2016:Mar.:23)</subfield>
  </datafield>
  <datafield tag="955" ind1=" " ind2=" ">
    <subfield code="b">BENT</subfield>
    <subfield code="p">5891090-2370</subfield>
    <subfield code="z">no.13/14(2016:April:6)</subfield>
  </datafield>
  <datafield tag="955" ind1=" " ind2=" ">
    <subfield code="b">BENT</subfield>
    <subfield code="p">5891090-2380</subfield>
    <subfield code="z">no.15/16(2016:April:20)</subfield>
  </datafield>
  <datafield tag="955" ind1=" " ind2=" ">
    <subfield code="b">BENT</subfield>
    <subfield code="p">5891090-2390</subfield>
    <subfield code="z">no.123/124(2016:May:11)</subfield>
  </datafield>
  <datafield tag="955" ind1=" " ind2=" ">
    <subfield code="b">BENT</subfield>
    <subfield code="p">5891090-2400</subfield>
    <subfield code="z">no.125/126(2016:May:25)</subfield>
  </datafield>
  <datafield tag="955" ind1=" " ind2=" ">
    <subfield code="b">BENT</subfield>
    <subfield code="p">5891090-2410</subfield>
    <subfield code="z">no.127/128(2016:Jun.:08)</subfield>
  </datafield>
  <datafield tag="955" ind1=" " ind2=" ">
    <subfield code="b">BENT</subfield>
    <subfield code="p">5891090-250</subfield>
    <subfield code="z">no.24/25(2010:Jun. 16/23)</subfield>
  </datafield>
  <datafield tag="955" ind1=" " ind2=" ">
    <subfield code="b">BENT</subfield>
    <subfield code="p">5891090-270</subfield>
    <subfield code="z">no.26/27(2010:Jun. 30/July7)</subfield>
  </datafield>
  <datafield tag="955" ind1=" " ind2=" ">
    <subfield code="b">BENT</subfield>
    <subfield code="p">5891090-290</subfield>
    <subfield code="z">no.28/29(2010:Jul. 14/21)</subfield>
  </datafield>
  <datafield tag="955" ind1=" " ind2=" ">
    <subfield code="b">BENT</subfield>
    <subfield code="p">5891090-30</subfield>
    <subfield code="z">no.2/3(2010:Jan. 13/20)</subfield>
  </datafield>
  <datafield tag="955" ind1=" " ind2=" ">
    <subfield code="b">BENT</subfield>
    <subfield code="p">5891090-310</subfield>
    <subfield code="z">no.30/31(2010:Jul. 28/Aug.4)</subfield>
  </datafield>
  <datafield tag="955" ind1=" " ind2=" ">
    <subfield code="b">BENT</subfield>
    <subfield code="p">5891090-330</subfield>
    <subfield code="z">no.32/33(2010:Aug. 11/18)</subfield>
  </datafield>
  <datafield tag="955" ind1=" " ind2=" ">
    <subfield code="b">BENT</subfield>
    <subfield code="p">5891090-350</subfield>
    <subfield code="z">no.34/35(2010:Aug. 25/Sept.1)</subfield>
  </datafield>
  <datafield tag="955" ind1=" " ind2=" ">
    <subfield code="b">BENT</subfield>
    <subfield code="p">5891090-370</subfield>
    <subfield code="z">no.36/37(2010:Sep. 08/15)</subfield>
  </datafield>
  <datafield tag="955" ind1=" " ind2=" ">
    <subfield code="b">BENT</subfield>
    <subfield code="p">5891090-390</subfield>
    <subfield code="z">no.38/39(2010:Sep. 22/29)</subfield>
  </datafield>
  <datafield tag="955" ind1=" " ind2=" ">
    <subfield code="b">BENT</subfield>
    <subfield code="p">5891090-410</subfield>
    <subfield code="z">no.40/41(2010:Oct. 06/13)</subfield>
  </datafield>
  <datafield tag="955" ind1=" " ind2=" ">
    <subfield code="b">BENT</subfield>
    <subfield code="p">5891090-430</subfield>
    <subfield code="z">no.42/43(2010:Oct. 20/27)</subfield>
  </datafield>
  <datafield tag="955" ind1=" " ind2=" ">
    <subfield code="b">BENT</subfield>
    <subfield code="p">5891090-450</subfield>
    <subfield code="z">no.44/45(2010:Nov. 03/10)</subfield>
  </datafield>
  <datafield tag="955" ind1=" " ind2=" ">
    <subfield code="b">BENT</subfield>
    <subfield code="p">5891090-470</subfield>
    <subfield code="z">no.46/47(2010:Nov. 17/24)</subfield>
  </datafield>
  <datafield tag="955" ind1=" " ind2=" ">
    <subfield code="b">BENT</subfield>
    <subfield code="p">5891090-490</subfield>
    <subfield code="z">no.48/49(2010:Dec. 01/08)</subfield>
  </datafield>
  <datafield tag="955" ind1=" " ind2=" ">
    <subfield code="b">BENT</subfield>
    <subfield code="p">5891090-50</subfield>
    <subfield code="z">no.4/5(2010:Jan. 27)</subfield>
  </datafield>
  <datafield tag="955" ind1=" " ind2=" ">
    <subfield code="b">BENT</subfield>
    <subfield code="p">5891090-510</subfield>
    <subfield code="z">no.50/52(2010:Dec. 15/29)</subfield>
  </datafield>
  <datafield tag="955" ind1=" " ind2=" ">
    <subfield code="b">BENT</subfield>
    <subfield code="p">5891090-550</subfield>
    <subfield code="z">no.1/2(2011:Jan. 05)</subfield>
  </datafield>
  <datafield tag="955" ind1=" " ind2=" ">
    <subfield code="b">BENT</subfield>
    <subfield code="p">5891090-560</subfield>
    <subfield code="z">no.3/4(2011:Jan. 19)</subfield>
  </datafield>
  <datafield tag="955" ind1=" " ind2=" ">
    <subfield code="b">BENT</subfield>
    <subfield code="p">5891090-570</subfield>
    <subfield code="z">no.5/6(2011:Feb. 02)</subfield>
  </datafield>
  <datafield tag="955" ind1=" " ind2=" ">
    <subfield code="b">BENT</subfield>
    <subfield code="p">5891090-580</subfield>
    <subfield code="z">no.7/8(2011:Feb. 16/23)</subfield>
  </datafield>
  <datafield tag="955" ind1=" " ind2=" ">
    <subfield code="b">BENT</subfield>
    <subfield code="p">5891090-590</subfield>
    <subfield code="z">no.9/10(2011:Mar. 02)</subfield>
  </datafield>
  <datafield tag="955" ind1=" " ind2=" ">
    <subfield code="b">BENT</subfield>
    <subfield code="p">5891090-600</subfield>
    <subfield code="z">no.11/12(2011:Mar. 16)</subfield>
  </datafield>
  <datafield tag="955" ind1=" " ind2=" ">
    <subfield code="b">BENT</subfield>
    <subfield code="p">5891090-610</subfield>
    <subfield code="z">no.13/14(2011:Mar. 30)</subfield>
  </datafield>
  <datafield tag="955" ind1=" " ind2=" ">
    <subfield code="b">BENT</subfield>
    <subfield code="p">5891090-620</subfield>
    <subfield code="z">no.15/16(2011:April 13)</subfield>
  </datafield>
  <datafield tag="955" ind1=" " ind2=" ">
    <subfield code="b">BENT</subfield>
    <subfield code="p">5891090-630</subfield>
    <subfield code="z">no.17/18(2011:April 27)</subfield>
  </datafield>
  <datafield tag="955" ind1=" " ind2=" ">
    <subfield code="b">BENT</subfield>
    <subfield code="p">5891090-640</subfield>
    <subfield code="z">no.19/20(2011:May 11)</subfield>
  </datafield>
  <datafield tag="955" ind1=" " ind2=" ">
    <subfield code="b">BENT</subfield>
    <subfield code="p">5891090-650</subfield>
    <subfield code="z">no.21/22(2011:May 21)</subfield>
  </datafield>
  <datafield tag="955" ind1=" " ind2=" ">
    <subfield code="b">BENT</subfield>
    <subfield code="p">5891090-660</subfield>
    <subfield code="z">no.23/24(2011:Jun. 08)</subfield>
  </datafield>
  <datafield tag="955" ind1=" " ind2=" ">
    <subfield code="b">BENT</subfield>
    <subfield code="p">5891090-670</subfield>
    <subfield code="z">no.25/26(2011:Jun. 22)</subfield>
  </datafield>
  <datafield tag="955" ind1=" " ind2=" ">
    <subfield code="b">BENT</subfield>
    <subfield code="p">5891090-680</subfield>
    <subfield code="z">no.27/28(2011:Jul. 06)</subfield>
  </datafield>
  <datafield tag="955" ind1=" " ind2=" ">
    <subfield code="b">BENT</subfield>
    <subfield code="p">5891090-690</subfield>
    <subfield code="z">no.29/30(2011:Jul. 20)</subfield>
  </datafield>
  <datafield tag="955" ind1=" " ind2=" ">
    <subfield code="b">BENT</subfield>
    <subfield code="p">5891090-70</subfield>
    <subfield code="z">no.6/7(2010:Feb. 10/17)</subfield>
  </datafield>
  <datafield tag="955" ind1=" " ind2=" ">
    <subfield code="b">BENT</subfield>
    <subfield code="p">5891090-700</subfield>
    <subfield code="z">no.31/32(2011:Aug. 03)</subfield>
  </datafield>
  <datafield tag="955" ind1=" " ind2=" ">
    <subfield code="b">BENT</subfield>
    <subfield code="p">5891090-710</subfield>
    <subfield code="z">no.33/34(2011:Aug. 17)</subfield>
  </datafield>
  <datafield tag="955" ind1=" " ind2=" ">
    <subfield code="b">BENT</subfield>
    <subfield code="p">5891090-720</subfield>
    <subfield code="z">no.35/36(2011:Aug. 31)</subfield>
  </datafield>
  <datafield tag="955" ind1=" " ind2=" ">
    <subfield code="b">BENT</subfield>
    <subfield code="p">5891090-730</subfield>
    <subfield code="z">no.37/38(2011:Sep. 14)</subfield>
  </datafield>
  <datafield tag="955" ind1=" " ind2=" ">
    <subfield code="b">BENT</subfield>
    <subfield code="p">5891090-740</subfield>
    <subfield code="z">no.39/40(2011:Sep. 28)</subfield>
  </datafield>
  <datafield tag="955" ind1=" " ind2=" ">
    <subfield code="b">BENT</subfield>
    <subfield code="p">5891090-750</subfield>
    <subfield code="z">no.41/42(2011:Oct. 12)</subfield>
  </datafield>
  <datafield tag="955" ind1=" " ind2=" ">
    <subfield code="b">BENT</subfield>
    <subfield code="p">5891090-760</subfield>
    <subfield code="z">no.43/44(2011:Oct. 26)</subfield>
  </datafield>
  <datafield tag="955" ind1=" " ind2=" ">
    <subfield code="b">BENT</subfield>
    <subfield code="p">5891090-770</subfield>
    <subfield code="z">no.45/46(2011:Nov. 09)</subfield>
  </datafield>
  <datafield tag="955" ind1=" " ind2=" ">
    <subfield code="b">BENT</subfield>
    <subfield code="p">5891090-780</subfield>
    <subfield code="z">no.47/48(2011:Nov. 23)</subfield>
  </datafield>
  <datafield tag="955" ind1=" " ind2=" ">
    <subfield code="b">BENT</subfield>
    <subfield code="p">5891090-790</subfield>
    <subfield code="z">no.49/50(2011:Dec. 07)</subfield>
  </datafield>
  <datafield tag="955" ind1=" " ind2=" ">
    <subfield code="b">BENT</subfield>
    <subfield code="p">5891090-800</subfield>
    <subfield code="z">no.51/52(2011:Dec. 21)</subfield>
  </datafield>
  <datafield tag="955" ind1=" " ind2=" ">
    <subfield code="b">BENT</subfield>
    <subfield code="p">5891090-90</subfield>
    <subfield code="z">no.8/9(2010:Feb. 24/Mar.3)</subfield>
  </datafield>
  <datafield tag="955" ind1=" " ind2=" ">
    <subfield code="b">BENT</subfield>
    <subfield code="p">B3296334</subfield>
  </datafield>
  <datafield tag="955" ind1=" " ind2=" ">
    <subfield code="b">BENT</subfield>
    <subfield code="p">B3661404</subfield>
  </datafield>
  <datafield tag="955" ind1=" " ind2=" ">
    <subfield code="b">BENT</subfield>
    <subfield code="p">B5290489</subfield>
    <subfield code="z">no.42/43(2010:Oct. 20/27)</subfield>
  </datafield>
  <datafield tag="955" ind1=" " ind2=" ">
    <subfield code="b">BENT</subfield>
    <subfield code="p">B5529686</subfield>
    <subfield code="z">no.33(2012:Aug.:15)</subfield>
  </datafield>
  <datafield tag="955" ind1=" " ind2=" ">
    <subfield code="b">BENT</subfield>
    <subfield code="p">B6882687</subfield>
    <subfield code="z">no.15/16(2015:April:15)</subfield>
  </datafield>
</record>
